%# -*- coding: utf-8-unix -*-

@article{kinnunen2010overview,
  title={An overview of text-independent speaker recognition: From features to supervectors},
  author={Kinnunen, Tomi and Li, Haizhou},
  journal={Speech communication},
  volume={52},
  number={1},
  pages={12--40},
  year={2010},
  publisher={Elsevier}
}

@article{刘蕊2009发声的生理结构和嗓音的保护,
  title={发声的生理结构和嗓音的保护},
  author={刘蕊},
  journal={民族音乐},
  number={6},
  pages={111--112},
  year={2009}
}

@incollection{Nurminen12,
  author = {Jani Nurminen and Hanna Silén and Victor Popa and Elina Helander and Moncef Gabbouj},
  title = {Voice Conversion},
  booktitle = {Speech Enhancement, Modeling and Recognition- Algorithms and Applications},
  publisher = {IntechOpen},
  address = {Rijeka},
  year = {2012},
  editor = {S. Ramakrishnan},
  chapter = {5},
  doi = {10.5772/37334},
  url = {https://doi.org/10.5772/37334}
}

@inproceedings{gibiansky2017deep,
  title={Deep voice 2: Multi-speaker neural text-to-speech},
  author={Gibiansky, Andrew and Arik, Sercan and Diamos, Gregory and Miller, John and Peng, Kainan and Ping, Wei and Raiman, Jonathan and Zhou, Yanqi},
  booktitle={Advances in neural information processing systems},
  pages={2962--2970},
  year={2017}
}

@article{ping2017deep,
  title={Deep voice 3: 2000-speaker neural text-to-speech},
  author={Ping, Wei and Peng, Kainan and Gibiansky, Andrew and Arik, Sercan O and Kannan, Ajay and Narang, Sharan and Raiman, Jonathan and Miller, John},
  journal={arXiv preprint arXiv:1710.07654},
  year={2017}
}

@inproceedings{tamura2001adaptation,
  title={Adaptation of pitch and spectrum for HMM-based speech synthesis using MLLR},
  author={Tamura, Masatsune and Masuko, Takashi and Tokuda, Keiichi and Kobayashi, Takao},
  booktitle={2001 IEEE International Conference on Acoustics, Speech, and Signal Processing. Proceedings (Cat. No. 01CH37221)},
  volume={2},
  pages={805--808},
  year={2001},
  organization={IEEE}
}

@inproceedings{wu2015study,
  title={A study of speaker adaptation for DNN-based speech synthesis},
  author={Wu, Zhizheng and Swietojanski, Pawel and Veaux, Christophe and Renals, Steve and King, Simon},
  booktitle={Sixteenth Annual Conference of the International Speech Communication Association},
  year={2015}
}

@article{yamagishi2009analysis,
  title={Analysis of speaker adaptation algorithms for HMM-based speech synthesis and a constrained SMAPLR adaptation algorithm},
  author={Yamagishi, Junichi and Kobayashi, Takao and Nakano, Yuji and Ogata, Katsumi and Isogai, Juri},
  journal={IEEE Transactions on Audio, Speech, and Language Processing},
  volume={17},
  number={1},
  pages={66--83},
  year={2009},
  publisher={IEEE}
}

@inproceedings{fan2015multi,
  title={Multi-speaker modeling and speaker adaptation for DNN-based TTS synthesis},
  author={Fan, Yuchen and Qian, Yao and Soong, Frank K and He, Lei},
  booktitle={2015 IEEE International Conference on Acoustics, Speech and Signal Processing (ICASSP)},
  pages={4475--4479},
  year={2015},
  organization={IEEE}
}

@inproceedings{kain1998spectral,
  title={Spectral voice conversion for text-to-speech synthesis},
  author={Kain, Alexander and Macon, Michael W},
  booktitle={Proceedings of the 1998 IEEE International Conference on Acoustics, Speech and Signal Processing, ICASSP'98 (Cat. No. 98CH36181)},
  volume={1},
  pages={285--288},
  year={1998},
  organization={IEEE}
}

@article{arslan1999speaker,
  title={Speaker transformation algorithm using segmental codebooks (STASC)},
  author={Arslan, Levent M},
  journal={Speech Communication},
  volume={28},
  number={3},
  pages={211--226},
  year={1999},
  publisher={Elsevier}
}

@article{hollegaard2013joint,
  title={Joint analysis of SNPs and proteins identifies regulatory IL18 gene variations decreasing the chance of spastic cerebral palsy},
  author={Hollegaard, Mads Vilhelm and Skogstrand, Kristin and Thorsen, Poul and N{\o}rgaard-Pedersen, Bent and Hougaard, David Michael and Grove, Jakob},
  journal={Human mutation},
  volume={34},
  number={1},
  pages={143--148},
  year={2013},
  publisher={Wiley Online Library}
}

@inproceedings{aihara2013individuality,
  title={Individuality-preserving voice conversion for articulation disorders based on Non-negative Matrix Factorization},
  author={Aihara, Ryo and Takashima, Ryoichi and Takiguchi, Tetsuya and Ariki, Yasuo},
  booktitle={2013 IEEE International Conference on Acoustics, Speech and Signal Processing},
  pages={8037--8040},
  year={2013},
  organization={IEEE}
}

@article{desai2010spectral,
  title={Spectral mapping using artificial neural networks for voice conversion},
  author={Desai, Srinivas and Black, Alan W and Yegnanarayana, B and Prahallad, Kishore},
  journal={IEEE Transactions on Audio, Speech, and Language Processing},
  volume={18},
  number={5},
  pages={954--964},
  year={2010},
  publisher={IEEE}
}

@inproceedings{kinnunen2012vulnerability,
  title={Vulnerability of speaker verification systems against voice conversion spoofing attacks: The case of telephone speech},
  author={Kinnunen, Tomi and Wu, Zhi-Zheng and Lee, Kong Aik and Sedlak, Filip and Chng, Eng Siong and Li, Haizhou},
  booktitle={2012 IEEE International Conference on Acoustics, Speech and Signal Processing (ICASSP)},
  pages={4401--4404},
  year={2012},
  organization={IEEE}
}

@inproceedings{toda2016voice,
  title={The Voice Conversion Challenge 2016.},
  author={Toda, Tomoki and Chen, Ling-Hui and Saito, Daisuke and Villavicencio, Fernando and Wester, Mirjam and Wu, Zhizheng and Yamagishi, Junichi},
  booktitle={Interspeech},
  pages={1632--1636},
  year={2016}
}

@inproceedings{wester2016analysis,
  title={Analysis of the Voice Conversion Challenge 2016 Evaluation Results.},
  author={Wester, Mirjam and Wu, Zhizheng and Yamagishi, Junichi},
  booktitle={Interspeech},
  pages={1637--1641},
  year={2016}
}

@article{lorenzo2018voice,
  title={The voice conversion challenge 2018: Promoting development of parallel and nonparallel methods},
  author={Lorenzo-Trueba, Jaime and Yamagishi, Junichi and Toda, Tomoki and Saito, Daisuke and Villavicencio, Fernando and Kinnunen, Tomi and Ling, Zhenhua},
  journal={arXiv preprint arXiv:1804.04262},
  year={2018}
}

@inproceedings{sundermann2003vtln,
  title={VTLN-based voice conversion},
  author={Sundermann, David and Ney, Hermann},
  booktitle={Proceedings of the 3rd IEEE International Symposium on Signal Processing and Information Technology (IEEE Cat. No. 03EX795)},
  pages={556--559},
  year={2003},
  organization={IEEE}
}

@article{erro2009inca,
  title={INCA algorithm for training voice conversion systems from nonparallel corpora},
  author={Erro, Daniel and Moreno, Asunci{\'o}n and Bonafonte, Antonio},
  journal={IEEE Transactions on Audio, Speech, and Language Processing},
  volume={18},
  number={5},
  pages={944--953},
  year={2009},
  publisher={IEEE}
}

@inproceedings{ye2004voice,
  title={Voice conversion for unknown speakers},
  author={Ye, Hui and Young, Steve},
  booktitle={Eighth International Conference on Spoken Language Processing},
  year={2004}
}

@inproceedings{kawahara1997speech,
  title={Speech representation and transformation using adaptive interpolation of weighted spectrum: vocoder revisited},
  author={Kawahara, Hideki},
  booktitle={1997 IEEE International Conference on Acoustics, Speech, and Signal Processing},
  volume={2},
  pages={1303--1306},
  year={1997},
  organization={IEEE}
}

@inproceedings{kawahara2008tandem,
  title={TANDEM-STRAIGHT, a research tool for L2 study enabling flexible manipulations of prosodic information},
  author={Kawahara, Hideki},
  booktitle={Proceedings of Speech Prosody},
  pages={619--628},
  year={2008}
}

@article{morise2016world,
  title={WORLD: a vocoder-based high-quality speech synthesis system for real-time applications},
  author={Morise, Masanori and Yokomori, Fumiya and Ozawa, Kenji},
  journal={IEICE TRANSACTIONS on Information and Systems},
  volume={99},
  number={7},
  pages={1877--1884},
  year={2016},
  publisher={The Institute of Electronics, Information and Communication Engineers}
}

@article{oord2016wavenet,
  title={Wavenet: A generative model for raw audio},
  author={Oord, Aaron van den and Dieleman, Sander and Zen, Heiga and Simonyan, Karen and Vinyals, Oriol and Graves, Alex and Kalchbrenner, Nal and Senior, Andrew and Kavukcuoglu, Koray},
  journal={arXiv preprint arXiv:1609.03499},
  year={2016}
}

@inproceedings{tamamori2017speaker,
  title={Speaker-Dependent WaveNet Vocoder.},
  author={Tamamori, Akira and Hayashi, Tomoki and Kobayashi, Kazuhiro and Takeda, Kazuya and Toda, Tomoki},
  booktitle={Interspeech},
  pages={1118--1122},
  year={2017}
}

@article{oord2017parallel,
  title={Parallel wavenet: Fast high-fidelity speech synthesis},
  author={Oord, Aaron van den and Li, Yazhe and Babuschkin, Igor and Simonyan, Karen and Vinyals, Oriol and Kavukcuoglu, Koray and Driessche, George van den and Lockhart, Edward and Cobo, Luis C and Stimberg, Florian and others},
  journal={arXiv preprint arXiv:1711.10433},
  year={2017}
}

@article{kalchbrenner2018efficient,
  title={Efficient neural audio synthesis},
  author={Kalchbrenner, Nal and Elsen, Erich and Simonyan, Karen and Noury, Seb and Casagrande, Norman and Lockhart, Edward and Stimberg, Florian and Oord, Aaron van den and Dieleman, Sander and Kavukcuoglu, Koray},
  journal={arXiv preprint arXiv:1802.08435},
  year={2018}
}

@inproceedings{valin2019lpcnet,
  title={LPCNet: Improving neural speech synthesis through linear prediction},
  author={Valin, Jean-Marc and Skoglund, Jan},
  booktitle={ICASSP 2019-2019 IEEE International Conference on Acoustics, Speech and Signal Processing (ICASSP)},
  pages={5891--5895},
  year={2019},
  organization={IEEE}
}

@inproceedings{shuang2008voice,
  title={Voice conversion by combining frequency warping with unit selection},
  author={Shuang, Zhiwei and Meng, Fanping and Qin, Yong},
  booktitle={2008 IEEE International Conference on Acoustics, Speech and Signal Processing},
  pages={4661--4664},
  year={2008},
  organization={IEEE}
}

@inproceedings{sundermann2006text,
  title={Text-independent voice conversion based on unit selection},
  author={Sundermann, David and Hoge, Harald and Bonafonte, Antonio and Ney, Hermann and Black, Alan and Narayanan, Shri},
  booktitle={2006 IEEE International Conference on Acoustics Speech and Signal Processing Proceedings},
  volume={1},
  pages={I--I},
  year={2006},
  organization={IEEE}
}

@inproceedings{wu2013exemplar,
  title={Exemplar-based unit selection for voice conversion utilizing temporal information.},
  author={Wu, Zhizheng and Virtanen, Tuomas and Kinnunen, Tomi and Chng, Engsiong and Li, Haizhou},
  booktitle={INTERSPEECH},
  pages={3057--3061},
  year={2013}
}

@inproceedings{takashima2012exemplar,
  title={Exemplar-based voice conversion in noisy environment},
  author={Takashima, Ryoichi and Takiguchi, Tetsuya and Ariki, Yasuo},
  booktitle={2012 IEEE Spoken Language Technology Workshop (SLT)},
  pages={313--317},
  year={2012},
  organization={IEEE}
}

@article{wu2014exemplar,
  title={Exemplar-based sparse representation with residual compensation for voice conversion},
  author={Wu, Zhizheng and Virtanen, Tuomas and Chng, Eng Siong and Li, Haizhou},
  journal={IEEE/ACM Transactions on Audio, Speech, and Language Processing},
  volume={22},
  number={10},
  pages={1506--1521},
  year={2014},
  publisher={IEEE}
}

@inproceedings{zhang2015regularized,
  title={Regularized Non-negative Matrix Factorization Using Alternating Direction Method of Multipliers and Its Application to Source Separation},
  author={Zhang, Shaofei and Huang, Dong-Yan and Xie, Lei and Chng, Eng Siong and Li, Haizhou and Dong, Minghui},
  booktitle={Sixteenth Annual Conference of the International Speech Communication Association},
  year={2015}
}

@article{erro2009voice,
  title={Voice conversion based on weighted frequency warping},
  author={Erro, Daniel and Moreno, Asunci{\'o}n and Bonafonte, Antonio},
  journal={IEEE Transactions on Audio, Speech, and Language Processing},
  volume={18},
  number={5},
  pages={922--931},
  year={2009},
  publisher={IEEE}
}

@inproceedings{tian2015sparse,
  title={Sparse representation for frequency warping based voice conversion},
  author={Tian, Xiaohai and Wu, Zhizheng and Lee, Siu Wa and Hy, Nguyen Quy and Chng, Eng Siong and Dong, Minghui},
  booktitle={2015 IEEE International Conference on Acoustics, Speech and Signal Processing (ICASSP)},
  pages={4235--4239},
  year={2015},
  organization={IEEE}
}

@article{Toda2001Voice,
  title={Voice conversion algorithm based on Gaussian mixture model with dynamic frequency warping of STRAIGHT spectrum},
  author={Toda, Tomoki and Saruwatari, Hiroshi and Shikano, Kiyohiro},
  journal={Proceedings - ICASSP, IEEE International Conference on Acoustics, Speech and Signal Processing},
  volume={2},
  pages={841-844},
  year={2001},
}

@inproceedings{chen2003voice,
  title={Voice conversion with smoothed GMM and MAP adaptation},
  author={Chen, Yining and Chu, Min and Chang, Eric and Liu, Jia and Liu, Runsheng},
  booktitle={Eighth European Conference on Speech Communication and Technology},
  year={2003}
}

@inproceedings{kobayashi2016nu,
  title={The NU-NAIST Voice Conversion System for the Voice Conversion Challenge 2016.},
  author={Kobayashi, Kazuhiro and Takamichi, Shinnosuke and Nakamura, Satoshi and Toda, Tomoki},
  booktitle={Interspeech},
  pages={1667--1671},
  year={2016}
}

@article{stylianou1998continuous,
  title={Continuous probabilistic transform for voice conversion},
  author={Stylianou, Yannis and Capp{\'e}, Olivier and Moulines, Eric},
  journal={IEEE Transactions on speech and audio processing},
  volume={6},
  number={2},
  pages={131--142},
  year={1998},
  publisher={IEEE}
}

@article{desai2010spectral,
  title={Spectral mapping using artificial neural networks for voice conversion},
  author={Desai, Srinivas and Black, Alan W and Yegnanarayana, B and Prahallad, Kishore},
  journal={IEEE Transactions on Audio, Speech, and Language Processing},
  volume={18},
  number={5},
  pages={954--964},
  year={2010},
  publisher={IEEE}
}

@inproceedings{aryal2015articulatory,
  title={Articulatory-based conversion of foreign accents with deep neural networks},
  author={Aryal, Sandesh and Gutierrez-Osuna, Ricardo},
  booktitle={Sixteenth Annual Conference of the International Speech Communication Association},
  year={2015}
}

@article{chen2014voice,
  title={Voice conversion using deep neural networks with layer-wise generative training},
  author={Chen, Ling-Hui and Ling, Zhen-Hua and Liu, Li-Juan and Dai, Li-Rong},
  journal={IEEE/ACM Transactions on Audio, Speech and Language Processing (TASLP)},
  volume={22},
  number={12},
  pages={1859--1872},
  year={2014},
  publisher={IEEE Press}
}

@article{nakashika2015voice,
  title={Voice conversion using speaker-dependent conditional restricted Boltzmann machine},
  author={Nakashika, Toru and Takiguchi, Tetsuya and Ariki, Yasuo},
  journal={EURASIP Journal on Audio, Speech, and Music Processing},
  volume={2015},
  number={1},
  pages={8},
  year={2015},
  publisher={SpringerOpen}
}

@inproceedings{sun2015voice,
  title={Voice conversion using deep bidirectional long short-term memory based recurrent neural networks},
  author={Sun, Lifa and Kang, Shiyin and Li, Kun and Meng, Helen},
  booktitle={2015 IEEE International Conference on Acoustics, Speech and Signal Processing (ICASSP)},
  pages={4869--4873},
  year={2015},
  organization={IEEE}
}

@inproceedings{kaneko2017sequence,
  title={Sequence-to-Sequence Voice Conversion with Similarity Metric Learned Using Generative Adversarial Networks.},
  author={Kaneko, Takuhiro and Kameoka, Hirokazu and Hiramatsu, Kaoru and Kashino, Kunio},
  booktitle={INTERSPEECH},
  pages={1283--1287},
  year={2017}
}

@article{hsu2017voice,
  title={Voice conversion from unaligned corpora using variational autoencoding wasserstein generative adversarial networks},
  author={Hsu, Chin-Cheng and Hwang, Hsin-Te and Wu, Yi-Chiao and Tsao, Yu and Wang, Hsin-Min},
  journal={arXiv preprint arXiv:1704.00849},
  year={2017}
}

@inproceedings{polyak2019attention,
  title={Attention-based Wavenet Autoencoder for Universal Voice Conversion},
  author={Polyak, Adam and Wolf, Lior},
  booktitle={ICASSP 2019-2019 IEEE International Conference on Acoustics, Speech and Signal Processing (ICASSP)},
  pages={6800--6804},
  year={2019},
  organization={IEEE}
}

@article{kameoka2018convs2s,
  title={Convs2s-vc: Fully convolutional sequence-to-sequence voice conversion},
  author={Kameoka, Hirokazu and Tanaka, Kou and Kaneko, Takuhiro and Hojo, Nobukatsu},
  journal={arXiv preprint arXiv:1811.01609},
  year={2018}
}

@inproceedings{tanaka2019atts2s,
  title={AttS2S-VC: Sequence-to-sequence voice conversion with attention and context preservation mechanisms},
  author={Tanaka, Kou and Kameoka, Hirokazu and Kaneko, Takuhiro and Hojo, Nobukatsu},
  booktitle={ICASSP 2019-2019 IEEE International Conference on Acoustics, Speech and Signal Processing (ICASSP)},
  pages={6805--6809},
  year={2019},
  organization={IEEE}
}

@inproceedings{zhang2019improving,
  title={Improving Sequence-to-sequence Voice Conversion by Adding Text-supervision},
  author={Zhang, Jing-Xuan and Ling, Zhen-Hua and Jiang, Yuan and Liu, Li-Juan and Liang, Chen and Dai, Li-Rong},
  booktitle={ICASSP 2019-2019 IEEE International Conference on Acoustics, Speech and Signal Processing (ICASSP)},
  pages={6785--6789},
  year={2019},
  organization={IEEE}
}

@inproceedings{sun2016phonetic,
  title={Phonetic posteriorgrams for many-to-one voice conversion without parallel data training},
  author={Sun, Lifa and Li, Kun and Wang, Hao and Kang, Shiyin and Meng, Helen},
  booktitle={2016 IEEE International Conference on Multimedia and Expo (ICME)},
  pages={1--6},
  year={2016},
  organization={IEEE}
}

@inproceedings{liu2018hccl,
  title={The HCCL-CUHK System for the Voice Conversion Challenge 2018.},
  author={Liu, Songxiang and Sun, Lifa and Wu, Xixin and Liu, Xunying and Meng, Helen},
  booktitle={Odyssey},
  pages={248--254},
  year={2018}
}

@inproceedings{lu2019compact,
  title={A Compact Framework for Voice Conversion Using Wavenet Conditioned on Phonetic Posteriorgrams},
  author={Lu, Hui and Wu, Zhiyong and Li, Runnan and Kang, Shiyin and Jia, Jia and Meng, Helen},
  booktitle={ICASSP 2019-2019 IEEE International Conference on Acoustics, Speech and Signal Processing (ICASSP)},
  pages={6810--6814},
  year={2019},
  organization={IEEE}
}

@article{liu2019jointly,
  title={Jointly Trained Conversion Model and WaveNet Vocoder for Non-parallel Voice Conversion using Mel-spectrograms and Phonetic Posteriorgrams},
  author={Liu, Songxiang and Cao, Yuewen and Wu, Xixin and Sun, Lifa and Liu, Xunying and Meng, Helen},
  journal={Proc. Interspeech 2019},
  pages={714--718},
  year={2019}
}

@article{kaneko2017parallel,
  title={Parallel-data-free voice conversion using cycle-consistent adversarial networks},
  author={Kaneko, Takuhiro and Kameoka, Hirokazu},
  journal={arXiv preprint arXiv:1711.11293},
  year={2017}
}

@inproceedings{kaneko2019cyclegan,
  title={CycleGAN-VC2: Improved CycleGAN-based Non-parallel Voice Conversion},
  author={Kaneko, Takuhiro and Kameoka, Hirokazu and Tanaka, Kou and Hojo, Nobukatsu},
  booktitle={ICASSP 2019-2019 IEEE International Conference on Acoustics, Speech and Signal Processing (ICASSP)},
  pages={6820--6824},
  year={2019},
  organization={IEEE}
}

@inproceedings{kameoka2018stargan,
  title={StarGAN-VC: Non-parallel many-to-many voice conversion using star generative adversarial networks},
  author={Kameoka, Hirokazu and Kaneko, Takuhiro and Tanaka, Kou and Hojo, Nobukatsu},
  booktitle={2018 IEEE Spoken Language Technology Workshop (SLT)},
  pages={266--273},
  year={2018},
  organization={IEEE}
}

@article{kaneko2019stargan,
  title={StarGAN-VC2: Rethinking Conditional Methods for StarGAN-Based Voice Conversion},
  author={Kaneko, Takuhiro and Kameoka, Hirokazu and Tanaka, Kou and Hojo, Nobukatsu},
  journal={arXiv preprint arXiv:1907.12279},
  year={2019}
}

@inproceedings{hsu2016voice,
  title={Voice conversion from non-parallel corpora using variational auto-encoder},
  author={Hsu, Chin-Cheng and Hwang, Hsin-Te and Wu, Yi-Chiao and Tsao, Yu and Wang, Hsin-Min},
  booktitle={2016 Asia-Pacific Signal and Information Processing Association Annual Summit and Conference (APSIPA)},
  pages={1--6},
  year={2016},
  organization={IEEE}
}

@article{hsu2017voice,
  title={Voice conversion from unaligned corpora using variational autoencoding wasserstein generative adversarial networks},
  author={Hsu, Chin-Cheng and Hwang, Hsin-Te and Wu, Yi-Chiao and Tsao, Yu and Wang, Hsin-Min},
  journal={arXiv preprint arXiv:1704.00849},
  year={2017}
}

@inproceedings{saito2018non,
  title={Non-parallel voice conversion using variational autoencoders conditioned by phonetic posteriorgrams and d-vectors},
  author={Saito, Yuki and Ijima, Yusuke and Nishida, Kyosuke and Takamichi, Shinnosuke},
  booktitle={2018 IEEE International Conference on Acoustics, Speech and Signal Processing (ICASSP)},
  pages={5274--5278},
  year={2018},
  organization={IEEE}
}

@article{kameoka2019acvae,
  title={ACVAE-VC: Non-parallel voice conversion with auxiliary classifier variational autoencoder},
  author={Kameoka, Hirokazu and Kaneko, Takuhiro and Tanaka, Kou and Hojo, Nobukatsu},
  journal={IEEE/ACM Transactions on Audio, Speech, and Language Processing},
  year={2019},
  publisher={IEEE}
}

@inproceedings{zhou2019cross,
  title={Cross-lingual Voice Conversion with Bilingual Phonetic Posteriorgram and Average Modeling},
  author={Zhou, Yi and Tian, Xiaohai and Xu, Haihua and Das, Rohan Kumar and Li, Haizhou},
  booktitle={ICASSP 2019-2019 IEEE International Conference on Acoustics, Speech and Signal Processing (ICASSP)},
  pages={6790--6794},
  year={2019},
  organization={IEEE}
}

@article{Nurminen2012Voice,
  title={Voice Conversion},
  author={Nurminen, Jani and Silén, Hanna and Popa, Victor and Helander, Elina and Gabbouj, Moncef},
  volume={8},
  number={2},
  pages={147–158},
  year={2012},
}

@article{杨骋基于简化,
  title={基于简化STRAIGHT模型的语音信号重构},
  author={杨骋 and 沈媛 and 张永 and 栾金龙},
  journal={指挥信息系统与技术},
  number={4},
  pages={39-44},
}

@article{griffin1984signal,
  title={Signal estimation from modified short-time Fourier transform},
  author={Griffin, Daniel and Lim, Jae},
  journal={IEEE Transactions on Acoustics, Speech, and Signal Processing},
  volume={32},
  number={2},
  pages={236--243},
  year={1984},
  publisher={IEEE}
}

@inproceedings{desai2009voice,
  title={Voice conversion using artificial neural networks},
  author={Desai, Srinivas and Raghavendra, E Veera and Yegnanarayana, B and Black, Alan W and Prahallad, Kishore},
  booktitle={2009 IEEE International Conference on Acoustics, Speech and Signal Processing},
  pages={3893--3896},
  year={2009},
  organization={IEEE}
}

@inproceedings{chen2018high,
  title={High-quality Voice Conversion Using Spectrogram-Based WaveNet Vocoder.},
  author={Chen, Kuan and Chen, Bo and Lai, Jiahao and Yu, Kai},
  booktitle={Interspeech},
  pages={1993--1997},
  year={2018}
}

@inproceedings{helander2007novel,
  title={A novel method for prosody prediction in voice conversion},
  author={Helander, Elina E and Nurminen, Jani},
  booktitle={2007 IEEE International Conference on Acoustics, Speech and Signal Processing-ICASSP'07},
  volume={4},
  pages={IV--509},
  year={2007},
  organization={IEEE}
}

@inproceedings{mouchtaris2004non,
  title={Non-parallel training for voice conversion by maximum likelihood constrained adaptation},
  author={Mouchtaris, Athanasios and Van der Spiegel, Jan and Mueller, Paul},
  booktitle={2004 IEEE International Conference on Acoustics, Speech, and Signal Processing},
  volume={1},
  pages={I--1},
  year={2004},
  organization={IEEE}
}

@inproceedings{lee2006map,
  title={Map-based adaptation for speech conversion using adaptation data selection and non-parallel training},
  author={Lee, Chung-Han and Wu, Chung-Hsien},
  booktitle={Ninth International Conference on Spoken Language Processing},
  year={2006}
}


@inproceedings{povey2011kaldi,
  title={The Kaldi speech recognition toolkit},
  author={Povey, Daniel and Ghoshal, Arnab and Boulianne, Gilles and Burget, Lukas and Glembek, Ondrej and Goel, Nagendra and Hannemann, Mirko and Motlicek, Petr and Qian, Yanmin and Schwarz, Petr and others},
  booktitle={IEEE 2011 workshop on automatic speech recognition and understanding},
  number={CONF},
  year={2011},
  organization={IEEE Signal Processing Society}
}

@article{kaneko2019stargan,
  title={StarGAN-VC2: Rethinking Conditional Methods for StarGAN-Based Voice Conversion},
  author={Kaneko, Takuhiro and Kameoka, Hirokazu and Tanaka, Kou and Hojo, Nobukatsu},
  journal={arXiv preprint arXiv:1907.12279},
  year={2019}
}

@inproceedings{he2016dual,
  title={Dual learning for machine translation},
  author={He, Di and Xia, Yingce and Qin, Tao and Wang, Liwei and Yu, Nenghai and Liu, Tie-Yan and Ma, Wei-Ying},
  booktitle={Advances in Neural Information Processing Systems},
  pages={820--828},
  year={2016}
}

@inproceedings{goodfellow2014generative,
  title={Generative adversarial nets},
  author={Goodfellow, Ian and Pouget-Abadie, Jean and Mirza, Mehdi and Xu, Bing and Warde-Farley, David and Ozair, Sherjil and Courville, Aaron and Bengio, Yoshua},
  booktitle={Advances in neural information processing systems},
  pages={2672--2680},
  year={2014}
}

@inproceedings{mcfee2015librosa,
  title={librosa: Audio and music signal analysis in python},
  author={McFee, Brian and Raffel, Colin and Liang, Dawen and Ellis, Daniel PW and McVicar, Matt and Battenberg, Eric and Nieto, Oriol},
  booktitle={Proceedings of the 14th python in science conference},
  volume={8},
  year={2015}
}

@misc{yamamoto2019r9y9,
  title={r9y9/pysptk: 0.1. 14},
  author={Yamamoto, R and Felipe, J and Blaauw, M},
  year={2019},
  publisher={Jan}
}

@article{AbeStatistical,
  title={Statistical analysis of bilingual speaker’s speech for cross-language voice conversion},
  author={Abe, Masanobu and Shikano, Kiyohiro and Kuwabara, Hisao},
  journal={Journal of the Acoustical Society of America},
  volume={90},
  number={1},
  pages={76},
}

@inproceedings{Hao2015AA,
  title={AA spectral space warping approach to cross-lingual voice transformation in HMM-based TTS},
  author={Hao, Wang and Soong, Frank and Meng, Helen},
  booktitle={ICASSP 2015 - 2015 IEEE International Conference on Acoustics, Speech and Signal Processing (ICASSP)},
  year={2015},
}

@inproceedings{erro2007frame,
  title={Frame alignment method for cross-lingual voice conversion},
  author={Erro, Daniel and Moreno, Asunci{\'o}n},
  booktitle={Eighth Annual Conference of the International Speech Communication Association},
  year={2007}
}

@inproceedings{qian2011frame,
  title={A frame mapping based HMM approach to cross-lingual voice transformation},
  author={Qian, Yao and Xu, Ji and Soong, Frank K},
  booktitle={2011 IEEE International Conference on Acoustics, Speech and Signal Processing (ICASSP)},
  pages={5120--5123},
  year={2011},
  organization={IEEE}
}

@inproceedings{sun2016personalized,
  title={Personalized, Cross-Lingual TTS Using Phonetic Posteriorgrams.},
  author={Sun, Lifa and Wang, Hao and Kang, Shiyin and Li, Kun and Meng, Helen M},
  booktitle={INTERSPEECH},
  pages={322--326},
  year={2016}
}

